<record><leader>00000cas a22000007a 4500</leader><controlfield tag="001">9497527</controlfield><controlfield tag="008">830510d1853185umauwr ne      0    0eng d</controlfield><controlfield tag="009">3768</controlfield><datafield ind1=" " ind2=" " tag="010"><subfield code="a">sn 83020584 </subfield></datafield><datafield ind1=" " ind2=" " tag="040"><subfield code="a">NPX</subfield><subfield code="b">eng</subfield><subfield code="c">NPX</subfield><subfield code="d">OCLCQ</subfield></datafield><datafield ind1=" " ind2=" " tag="042"><subfield code="a">msc</subfield></datafield><datafield ind1=" " ind2=" " tag="043"><subfield code="a">n-us-ma</subfield></datafield><datafield ind1="0" ind2="0" tag="245"><subfield code="a">Holyoke weekly mirror.</subfield></datafield><datafield ind1=" " ind2=" " tag="260"><subfield code="a">Holyoke, Mass. :</subfield><subfield code="b">A.B.F. Hildreth,</subfield><subfield code="c">[1853]-</subfield></datafield><datafield ind1=" " ind2=" " tag="300"><subfield code="a">v. ;</subfield><subfield code="c">64 cm.</subfield></datafield><datafield ind1=" " ind2=" " tag="310"><subfield code="a">Weekly</subfield></datafield><datafield ind1="0" ind2=" " tag="362"><subfield code="a">Vol. 1, no. 1 (Jan. 7, 1854)-</subfield></datafield><datafield ind1=" " ind2=" " tag="500"><subfield code="a">"In the issue of the present number of the Mirror we anticipate our date by several weeks ... this number [i.e. Vol. 1, no. 1] being printed about the first of December [1853] ..."</subfield></datafield><datafield ind1=" " ind2=" " tag="752"><subfield code="a">United States</subfield><subfield code="b">Massachusetts</subfield><subfield code="c">Hampden</subfield><subfield code="d">Holyoke.</subfield></datafield><datafield ind1="0" ind2="0" tag="785"><subfield code="t">Holyoke mirror</subfield><subfield code="w">(DLC)sn 83020583</subfield></datafield></record>